@techreport{burckhardt2013,
author  = {Burckhardt, Sebastian and Gotsman, Alexey and Yang, Hongseok},
title   = {Understanding Eventual Consistency},
year    = {2013},
institution = {Microsoft Research},
number = {MSR-TR-2013-39},
address = {One Microsoft Way, Redmond, WA 98052}
}

@article{Vogels:2009:EC:1435417.1435432,
 author = {Vogels, Werner},
 title = {Eventually Consistent},
 journal = {Commun. ACM},
 issue_date = {January 2009},
 volume = {52},
 number = {1},
 month = jan,
 year = {2009},
 issn = {0001-0782},
 pages = {40--44},
 numpages = {5},
 url = {http://doi.acm.org/10.1145/1435417.1435432},
 doi = {10.1145/1435417.1435432},
 acmid = {1435432},
 publisher = {ACM},
 address = {New York, NY, USA},
} 
